<?xml version="1.0" encoding="UTF-8"?><collection xmlns="http://www.loc.gov/MARC21/slim"><record><leader>00489nam--2200169-u-4500</leader><controlfield tag="001">000052235</controlfield><controlfield tag="002">20161230</controlfield><controlfield tag="005">20161230201050</controlfield><controlfield tag="008">100528s1000------------r-----000-0-rus-d</controlfield><datafield ind1=" " ind2=" " tag="040"><subfield code="a">IFIN-HH</subfield></datafield><datafield ind1=" " ind2=" " tag="041"><subfield code="a">rus</subfield></datafield><datafield ind1="1" ind2=" " tag="110"><subfield code="a">Institut iadernih issledovanii i iadernoi energetiki - van</subfield></datafield><datafield ind1="1" ind2="0" tag="245"><subfield code="a">Metod approksimirusego gamiltoniana v statisticeskoi fizike</subfield></datafield><datafield ind1=" " ind2=" " tag="260"><subfield code="a">Sofia</subfield><subfield code="b">Izd. Bolgarski Academii nauk</subfield><subfield code="c">1981</subfield></datafield><datafield ind1=" " ind2=" " tag="300"><subfield code="a">245 p</subfield></datafield><datafield ind1=" " ind2=" " tag="852"><subfield code="a">70178</subfield><subfield code="c">531</subfield></datafield><datafield ind1=" " ind2=" " tag="CAT"><subfield code="a">Sys</subfield><subfield code="c">20100701</subfield><subfield code="h">084009</subfield></datafield></record></collection>